<?xml version="1.0" encoding="UTF-8"?><collection xmlns="http://www.loc.gov/MARC21/slim"><record><leader>00604nam--2200193-i-4500</leader><controlfield tag="001">000040544</controlfield><controlfield tag="002">20161230</controlfield><controlfield tag="005">20161230201042</controlfield><controlfield tag="008">060222s1000------------r-----000-0-eng-d</controlfield><datafield ind1=" " ind2=" " tag="040"><subfield code="a">IFIN-HH</subfield></datafield><datafield ind1=" " ind2=" " tag="080"><subfield code="a">530.145.6:539.141.1</subfield></datafield><datafield ind1="1" ind2=" " tag="100"><subfield code="a">Schmid, Erich W</subfield></datafield><datafield ind1="1" ind2="0" tag="245"><subfield code="a">The quantum mechanical three-boody. vieweg tracts in pure and applied physics. vol. 2</subfield><subfield code="c">Erich w. schmid, horst ziegelmann</subfield></datafield><datafield ind1=" " ind2=" " tag="260"><subfield code="a">Oxford</subfield><subfield code="b">Pergamon Press</subfield><subfield code="c">1974</subfield></datafield><datafield ind1=" " ind2=" " tag="300"><subfield code="a">217 P</subfield></datafield><datafield ind1=" " ind2=" " tag="490"><subfield code="a">Vieweg Tracts In Pure And Applied Physics, 2</subfield></datafield><datafield ind1="1" ind2=" " tag="700"><subfield code="a">Ziegelmann, Horst</subfield></datafield><datafield ind1=" " ind2=" " tag="852"><subfield code="a">41370</subfield><subfield code="c">53</subfield></datafield><datafield ind1=" " ind2=" " tag="CAT"><subfield code="a">Sys</subfield><subfield code="c">20150318</subfield><subfield code="h">152643</subfield></datafield></record></collection>